@online{website:tesla:suppport,
  usera = {TeslaVision},
  title = "Tesla Vision Update: Replacing Ultrasonic Sensors with Tesla Vision",
  author = "Tesla.com",
  url = {https://www.tesla.com/support/transitioning-tesla-vision},
  urldate = {2024-08-14},
}

@inproceedings{uav:ugv:search:rescue,
  author = {Middleton, Wyatt and Miller, Gregory and Pollman, Anthony},
  year = {2018},
  month = {06},
  pages = {},
  title = {Cooperative Unmanned, Air-ground Vehicle Search and Rescue Exercise},
}

@article{ugv:system:indonesia,
  author = {Bakasa, La and Martha, S and Arief, S. and Ihsan, Muhammad},
  year = {2024},
  month = {02},
  pages = {},
  title = {Systematic Literature Review on the Implementation of Unmanned Ground
           Vehicle System (UGVS) for Defense in Indonesia},
  volume = {3},
  journal = {International Journal Of Humanities Education and Social Sciences
             (IJHESS)},
  doi = {10.55227/ijhess.v3i4.906},
}

@inproceedings{ugv:resupply:scenario,
  author = {De Cubber, Geert and Le Flécher, Emile and La Grappe, Alexandre and
            Doroftei, Daniela},
  year = {2023},
  month = {01},
  pages = {},
  title = {Human-agent teaming between soldiers and unmanned ground systems in a
           resupply scenario},
  doi = {10.54941/ahfe1003746},
}

@article{ugv:coverage:energy:efficient,
  author = {Baras, Nikolaos and Dasygenis, Minas},
  year = {2023},
  month = {07},
  pages = {2959},
  title = {UGV Coverage Path Planning: An Energy-Efficient Approach through Turn
           Reduction},
  volume = {12},
  journal = {Electronics},
  doi = {10.3390/electronics12132959},
}

@article{ugv:uav:cooperative:ranging,
  author = {Sivaneri, Victor and Gross, Jason},
  year = {2017},
  month = {09},
  pages = {},
  title = {UGV-to-UAV Cooperative Ranging for Robust Navigation in
           GNSS-Challenged Environments},
  volume = {71},
  journal = {Aerospace Science and Technology},
  doi = {10.1016/j.ast.2017.09.024},
}

@article{mil:ugv:attitudes,
  author = {Pekarev, Janar},
  year = {2023},
  month = {06},
  pages = {},
  title = {Attitudes of military personnel towards unmanned ground vehicles
           (UGV): a study of in-depth interview},
  volume = {3},
  journal = {Discover Artificial Intelligence},
  doi = {10.1007/s44163-023-00058-4},
}

@article{multi:objective:ugv:navigation,
  author = {Lei, Tingjun and Sellers, Timothy and Luo, Chaomin and Cao, Lei and
            Bi, Zhuming},
  year = {2024},
  month = {03},
  pages = {},
  title = {Digital twin‐based multi‐objective autonomous vehicle navigation
           approach as applied in infrastructure construction},
  volume = {6},
  journal = {IET Cyber-Systems and Robotics},
  doi = {10.1049/csy2.12110},
}
